<?xml version="1.0" encoding="UTF-8"?><collection xmlns="http://www.loc.gov/MARC21/slim"><record><leader>00486nam--2200169-i-4500</leader><controlfield tag="001">000030109</controlfield><controlfield tag="002">20161230</controlfield><controlfield tag="005">20161230201038</controlfield><controlfield tag="008">060222s1000------------r-----000-0-eng-d</controlfield><datafield ind1=" " ind2=" " tag="040"><subfield code="a">IFIN-HH</subfield></datafield><datafield ind1=" " ind2=" " tag="080"><subfield code="a">539.12/14(061.3)</subfield></datafield><datafield ind1="1" ind2=" " tag="110"><subfield code="a">Los Alamos National Laboratory</subfield></datafield><datafield ind1="1" ind2="0" tag="245"><subfield code="a">Lampf users group receives safety award</subfield><subfield code="b">Volume 13, no.1. 1981</subfield></datafield><datafield ind1=" " ind2=" " tag="260"><subfield code="a">Los Alamos</subfield><subfield code="b">Los Alamos National Laboratory</subfield><subfield code="c">1981</subfield></datafield><datafield ind1=" " ind2=" " tag="300"><subfield code="a">170P</subfield></datafield><datafield ind1=" " ind2=" " tag="852"><subfield code="a">78975</subfield><subfield code="c">539.12</subfield></datafield><datafield ind1=" " ind2=" " tag="CAT"><subfield code="a">Sys</subfield><subfield code="c">20120127</subfield><subfield code="h">122835</subfield></datafield></record></collection>